@article{knuth84,
  author = {Knuth, Donald E.},
  title = {Literate Programming},
  year = {1984},
  issue_date = {May 1984},
  publisher = {Oxford University Press, Inc.},
  address = {USA},
  volume = {27},
  number = {2},
  issn = {0010-4620},
  url = {https://doi.org/10.1093/comjnl/27.2.97},
  doi = {10.1093/comjnl/27.2.97},
  journal = {Comput. J.},
  month = may,
  pages = {97â€“111},
  numpages = {15}
}

@article{muniz2010teorias,
  title={Las teor{\'\i}as de los tests: teor{\'\i}a cl{\'a}sica y teor{\'\i}a de respuesta a los {\'\i}tems},
  author={Mu{\~n}iz, Jos{\'e}},
  journal={Papeles del Psic{\'o}logo},
  year={2010},
  volume = {31},
  numer = {1},
  pages = {57-66}
}

